@article{Ajunwa2017,
author = {Ajunwa, Ifeoma and Crawford, K. and Schultz, J.},
year = {2017},
month = {06},
pages = {735-776},
title = {Limitless worker surveillance},
volume = {105},
journal = {California Law Review},
doi = {10.15779/Z38BR8MF94}
}

@article{Gerten2019,
url = {https://doi.org/10.1515/jbnst-2017-0154},
title = {Controlling Working Crowds: The Impact of Digitalization on Worker Autonomy and Monitoring Across Hierarchical Levels},
author = {Elisa Gerten and Michael Beckmann and Lutz Bellmann},
pages = {441--481},
volume = {239},
number = {3},
journal = {Jahrbücher für Nationalökonomie und Statistik},
doi = {doi:10.1515/jbnst-2017-0154},
year = {2019},
lastchecked = {2024-10-07}
}

@article{Moore2018,
  title={Digitalisation of work and resistance},
  author={Moore, Phoebe V and Akhtar, Pav and Upchurch, Martin},
  journal={Humans and Machines at Work: Monitoring, Surveillance and Automation in Contemporary Capitalism},
  pages={17--44},
  year={2018},
  publisher={Springer}
}

@incollection{Sewell2012,
  title={Organization, employees and surveillance},
  author={Sewell, Graham},
  booktitle={Routledge handbook of surveillance studies},
  pages={303--312},
  year={2012},
  publisher={Routledge}
}

@book{Zuboff2019,
  title={The Age of Surveillance Capitalism: The Fight for a Human Future at the New Frontier of Power},
  author={Zuboff, Shoshana},
  year={2019},
  publisher={PublicAffairs}
}

@article{Alge2006,
  title={Information privacy in organizations: Empowering creative and extrarole performance.},
  author={Alge, Bradley J and Ballinger, Gary A and Tangirala, Subrahmaniam and Oakley, James L},
  journal={Journal of applied psychology},
  volume={91},
  number={1},
  pages={221},
  year={2006},
  publisher={American Psychological Association}
}
